|0000|020|0|01062026|30062026|EMPRESA DEMO EMITENTE LTDA|11222333000181||SP|123456789012|3550308|||A|0|
|0001|0|
|0005|EMPRESA DEMO EMITENTE LTDA|01001000|RUA EXEMPLO|100||CENTRO|1133334444||contato@empresa.com.br|
|0100|Contador Demo|52998224725|SP123456/O|||||||||contador@exemplo.com.br|3550308|
|0150|P12345678000190|EMPRESA DEMO EMITENTE LTDA|1058|12345678000190||123456789012|3550308||Rua das Flores|100||Centro|
|0190|UN|UN|
|0200|SKU-001|Notebook Fiscal Demo 14|||UN|00|84713012||||||
|0200|SKU-002|Mouse Optico Demo|||UN|00|84716053||||||
|0400|N001|Venda de mercadoria|
|0990|10|
|B001|1|
|B990|2|
|C001|0|
|C100|0|1|P12345678000190|55|00|1|1234|35260312345678000190550010000012341123456789|15032026|15032026|5400,00|0|0,00|0|5400,00|9|0,00|0,00|0,00|5400,00|972,00|0,00|0,00|0,00|82,50|380,00|0|0|
|C170|1|SKU-001|Notebook Fiscal Demo 14|2,00000|UN|5000,00|0,00|0|000|5102|N001|5000,00|18,00|900,00|0,00|0,00|0,00|0|||0,00|01|5000,00|1,6500||82,50|01|5000,00|7,6000||380,00|||
|C170|2|SKU-002|Mouse Optico Demo|5,00000|UN|400,00|0,00|0|000|5102|N001|400,00|18,00|72,00|0,00|0,00|0,00|0|||0,00||0,00|0,0000||0,00||0,00|0,0000||0,00|||
|C190|000|5102|18,00|5400,00|5400,00|972,00|0|0|0||
|C990|6|
|D001|1|
|D990|2|
|E001|0|
|E100|01062026|30062026|
|E110|972,00|0,00|0,00|0,00|0,00|0,00|0,00|0,00|0,00|972,00|0,00|972,00|0,00|0,00|0,00|
|E116|000|972,00|30062026||||||062026|
|E990|5|
|G001|1|
|G990|2|
|H001|1|
|H990|2|
|K001|1|
|K990|2|
|1001|0|
|1010|N|N|N|N|N|N|N|N|N|N|N|N|N|
|1990|3|
|9001|0|
|9900|0000|1|
|9900|0001|1|
|9900|0005|1|
|9900|0100|1|
|9900|0150|1|
|9900|0190|1|
|9900|0200|2|
|9900|0400|1|
|9900|0990|1|
|9900|1001|1|
|9900|1010|1|
|9900|1990|1|
|9900|B001|1|
|9900|B990|1|
|9900|C001|1|
|9900|C100|1|
|9900|C170|2|
|9900|C190|1|
|9900|C990|1|
|9900|D001|1|
|9900|D990|1|
|9900|E001|1|
|9900|E100|1|
|9900|E110|1|
|9900|E116|1|
|9900|E990|1|
|9900|G001|1|
|9900|G990|1|
|9900|H001|1|
|9900|H990|1|
|9900|K001|1|
|9900|K990|1|
|9900|9001|1|
|9900|9900|36|
|9900|9990|1|
|9900|9999|1|
|9990|39|
|9999|73|
