|0000|020|0|01062026|30062026|COOPERATIVA BATATICULTORES REG. VARGEM GRANDE DO SUL|03585024000490||SP|257033169110|3510807|||A|1|
|0001|0|
|0005|COOPERATIVA BATATICULTORES REG. VARGEM GRANDE DO SUL|13707899|A. RURAL|1||CENTRO||||
|0100|Contador Demo|52998224725|SP123456/O|||||||||contador@exemplo.com.br|3510807|
|0150|P41926855000125|LUIS FERNANDO BENAGLIA DE OLIVEIRA E OUTROS|1058|41926855000125||711074762114|3556404||FAZENDA CAMPO VITORIA|SN||ZONA RURAL|
|0150|P24063609000178|ANGELA MARIA DE OLIVEIRA MARAO E OUTROS|1058|24063609000178||711046607110|3556404||ESTRADA MUNICIPAL VGS 005|SN|FAZ CAMPO VITORIA ROD SP 215 KM 35 CXPST 35|RURAL|
|0150|P08041313000108|LUIS HENRIQUE DE OLIVEIRA E OUTROS|1058|08041313000108||453135580118|3530508||FAZENDA SANTO ANTONIO|SN||DISTRITO INDUSTRIAL|
|0150|P41926855000206|LUIS FERNANDO BENAGLIA DE OLIVEIRA E OUTROS|1058|41926855000206||257056354111|3510807||FAZENDA NOVA ESPERANCA|SN||ZONA RURAL|
|0990|9|
|B001|1|
|B990|2|
|C001|0|
|C100|1|0|P41926855000125|55|00|1|155551|35260603585024000490550010001555511428996214|01062026|01062026|1644,00|0|0,00|0|1644,00|9|0,00|0,00|0,00|0,00|0,00|0,00|0,00|0,00|0,00|0,00|0|0|
|C190|040|5117|0,00|1644,00|0,00|0,00|0|0|0|0,00||
|C100|1|0|P41926855000125|55|00|1|155552|35260603585024000490550010001555521416598771|01062026|01062026|11192,20|0|0,00|0|11192,20|9|0,00|0,00|0,00|0,00|0,00|0,00|0,00|0,00|0,00|0,00|0|0|
|C190|041|5906|0,00|11192,20|0,00|0,00|0|0|0|0,00||
|C100|1|0|P41926855000125|55|00|1|155553|35260603585024000490550010001555531837055550|01062026|01062026|58000,00|0|0,00|0|58000,00|9|0,00|0,00|0,00|12887,60|2319,77|0,00|0,00|0,00|0,00|0,00|0|0|
|C190|020|5117|18,00|58000,00|12887,60|2319,77|0|0|45112,40|0,00||
|C100|1|0|P24063609000178|55|00|1|155555|35260603585024000490550010001555551825933137|01062026|01062026|29094,81|0|0,00|0|29094,81|9|0,00|0,00|0,00|0,00|0,00|0,00|0,00|0,00|0,00|0,00|0|0|
|C190|041|5906|0,00|29094,81|0,00|0,00|0|0|0|0,00||
|C100|1|0|P24063609000178|55|00|1|155557|35260603585024000490550010001555571662129193|01062026|01062026|27350,00|0|0,00|0|27350,00|9|0,00|0,00|0,00|6077,17|1093,89|0,00|0,00|0,00|0,00|0,00|0|0|
|C190|020|5117|18,00|27350,00|6077,17|1093,89|0|0|21272,83|0,00||
|C100|1|0|P24063609000178|55|00|1|155562|35260603585024000490550010001555621601851077|01062026|01062026|5100,00|0|0,00|0|5100,00|9|0,00|0,00|0,00|1133,22|203,98|0,00|0,00|0,00|0,00|0,00|0|0|
|C190|020|5102|18,00|5100,00|1133,22|203,98|0|0|3966,78|0,00||
|C100|1|0|P08041313000108|55|00|1|155567|35260603585024000490550010001555671571650091|01062026|01062026|16700,00|0|0,00|0|16700,00|9|0,00|0,00|0,00|0,00|0,00|0,00|0,00|0,00|0,00|0,00|0|0|
|C190|040|5117|0,00|16700,00|0,00|0,00|0|0|0|0,00||
|C100|1|0|P24063609000178|55|00|1|155593|35260603585024000490550010001555931637088639|01062026|01062026|22200,00|0|0,00|0|22200,00|9|0,00|0,00|0,00|0,00|0,00|0,00|0,00|0,00|0,00|0,00|0|0|
|C190|040|5117|0,00|22200,00|0,00|0,00|0|0|0|0,00||
|C100|0|0|P08041313000108|55|00|1|155629|35260603585024000490550010001556291348778088|01062026|01062026|16700,00|0|0,00|0|16700,00|9|0,00|0,00|0,00|0,00|0,00|0,00|0,00|0,00|0,00|0,00|0|0|
|C190|041|1905|0,00|16700,00|0,00|0,00|0|0|0|0,00||
|C100|1|0|P24063609000178|55|00|1|155634|35260603585024000490550010001556341595297590|01062026|01062026|7730,20|0|0,00|0|7730,20|9|0,00|0,00|0,00|0,00|0,00|0,00|0,00|0,00|0,00|0,00|0|0|
|C190|040|5117|0,00|7730,20|0,00|0,00|0|0|0|0,00||
|C100|1|0|P24063609000178|55|00|1|155635|35260603585024000490550010001556351115822820|01062026|01062026|19848,10|0|0,00|0|19848,10|9|0,00|0,00|0,00|0,00|0,00|0,00|0,00|0,00|0,00|0,00|0|0|
|C190|041|5906|0,00|19848,10|0,00|0,00|0|0|0|0,00||
|C100|1|0|P41926855000125|55|00|1|155666|35260603585024000490550010001556661522363821|02062026|02062026|16224,00|0|0,00|0|16224,00|9|0,00|0,00|0,00|0,00|0,00|0,00|0,00|0,00|0,00|0,00|0|0|
|C190|040|5117|0,00|16224,00|0,00|0,00|0|0|0|0,00||
|C100|1|0|P41926855000206|55|00|1|155667|35260603585024000490550010001556671383515706|02062026|02062026|8860,16|0|0,00|0|8860,16|9|0,00|0,00|0,00|0,00|0,00|0,00|0,00|0,00|0,00|0,00|0|0|
|C190|041|5906|0,00|8860,16|0,00|0,00|0|0|0|0,00||
|C100|1|0|P41926855000125|55|00|1|155675|35260603585024000490550010001556751270833640|02062026|02062026|104880,00|0|0,00|0|104880,00|9|0,00|0,00|0,00|23304,34|4194,78|0,00|0,00|0,00|0,00|0,00|0|0|
|C190|020|5117|18,00|104880,00|23304,34|4194,78|0|0|81575,66|0,00||
|C100|1|0|P08041313000108|55|00|1|155680|35260603585024000490550010001556801340738535|02062026|02062026|17215,66|0|0,00|0|17215,66|9|0,00|0,00|0,00|0,00|0,00|0,00|0,00|0,00|0,00|0,00|0|0|
|C190|041|5906|0,00|17215,66|0,00|0,00|0|0|0|0,00||
|C100|1|0|P24063609000178|55|00|1|155681|35260603585024000490550010001556811803712575|02062026|02062026|1382,88|0|0,00|0|1382,88|9|0,00|0,00|0,00|0,00|0,00|0,00|0,00|0,00|0,00|0,00|0|0|
|C190|041|5906|0,00|1382,88|0,00|0,00|0|0|0|0,00||
|C100|1|0|P41926855000125|55|00|1|155684|35260603585024000490550010001556841702378604|02062026|02062026|2082,00|0|0,00|0|2082,00|9|0,00|0,00|0,00|0,00|0,00|0,00|0,00|0,00|0,00|0,00|0|0|
|C190|040|5117|0,00|2082,00|0,00|0,00|0|0|0|0,00||
|C100|1|0|P41926855000206|55|00|1|155685|35260603585024000490550010001556851607341950|02062026|02062026|1900,00|0|0,00|0|1900,00|9|0,00|0,00|0,00|0,00|0,00|0,00|0,00|0,00|0,00|0,00|0|0|
|C190|040|5117|0,00|1900,00|0,00|0,00|0|0|0|0,00||
|C100|1|0|P41926855000206|55|00|1|155686|35260603585024000490550010001556861322866466|02062026|02062026|36960,00|0|0,00|0|36960,00|9|0,00|0,00|0,00|0,00|0,00|0,00|0,00|0,00|0,00|0,00|0|0|
|C190|041|5906|0,00|36960,00|0,00|0,00|0|0|0|0,00||
|C100|1|0|P24063609000178|55|00|1|155714|35260603585024000490550010001557141431727196|02062026|02062026|2996,20|0|0,00|0|2996,20|9|0,00|0,00|0,00|0,00|0,00|0,00|0,00|0,00|0,00|0,00|0|0|
|C190|040|5117|0,00|2996,20|0,00|0,00|0|0|0|0,00||
|C100|1|0|P24063609000178|55|00|1|155715|35260603585024000490550010001557151218556085|02062026|02062026|7340,00|0|0,00|0|7340,00|9|0,00|0,00|0,00|0,00|0,00|0,00|0,00|0,00|0,00|0,00|0|0|
|C190|041|5906|0,00|7340,00|0,00|0,00|0|0|0|0,00||
|C100|1|0|P41926855000206|55|00|1|155743|35260603585024000490550010001557431195902858|02062026|02062026|3600,00|0|0,00|0|3600,00|9|0,00|0,00|0,00|0,00|0,00|0,00|0,00|0,00|0,00|0,00|0|0|
|C190|040|5102|0,00|3600,00|0,00|0,00|0|0|0|0,00||
|C100|1|0|P41926855000125|55|00|1|155791|35260603585024000490550010001557911937149508|03062026|03062026|6020,00|0|0,00|0|6020,00|9|0,00|0,00|0,00|1337,64|240,78|0,00|0,00|0,00|0,00|0,00|0|0|
|C190|020|5117|18,00|6020,00|1337,64|240,78|0|0|4682,36|0,00||
|C100|1|0|P41926855000206|55|00|1|155792|35260603585024000490550010001557921914849250|03062026|03062026|6560,00|0|0,00|0|6560,00|9|0,00|0,00|0,00|0,00|0,00|0,00|0,00|0,00|0,00|0,00|0|0|
|C190|040|5117|0,00|6560,00|0,00|0,00|0|0|0|0,00||
|C100|1|0|P41926855000206|55|00|1|155793|35260603585024000490550010001557931538748011|03062026|03062026|9998,00|0|0,00|0|9998,00|9|0,00|0,00|0,00|0,00|0,00|0,00|0,00|0,00|0,00|0,00|0|0|
|C190|041|5906|0,00|9998,00|0,00|0,00|0|0|0|0,00||
|C100|1|0|P41926855000206|55|00|1|155875|35260603585024000490550010001558751645315884|05062026|05062026|3220,00|0|0,00|0|3220,00|9|0,00|0,00|0,00|0,00|0,00|0,00|0,00|0,00|0,00|0,00|0|0|
|C190|040|5102|0,00|3220,00|0,00|0,00|0|0|0|0,00||
|C100|1|0|P41926855000125|55|00|1|155876|35260603585024000490550010001558761456043221|05062026|05062026|5210,00|0|0,00|0|5210,00|9|0,00|0,00|0,00|0,00|0,00|0,00|0,00|0,00|0,00|0,00|0|0|
|C190|040|5117|0,00|5210,00|0,00|0,00|0|0|0|0,00||
|C100|1|0|P41926855000125|55|00|1|155877|35260603585024000490550010001558771967024750|05062026|05062026|11419,85|0|0,00|0|11419,85|9|0,00|0,00|0,00|0,00|0,00|0,00|0,00|0,00|0,00|0,00|0|0|
|C190|041|5906|0,00|11419,85|0,00|0,00|0|0|0|0,00||
|C100|1|0|P24063609000178|55|00|1|156003|35260603585024000490550010001560031961274914|08062026|08062026|5177,00|0|0,00|0|5177,00|9|0,00|0,00|0,00|0,00|0,00|0,00|0,00|0,00|0,00|0,00|0|0|
|C190|040|5117|0,00|5177,00|0,00|0,00|0|0|0|0,00||
|C100|1|0|P24063609000178|55|00|1|156009|35260603585024000490550010001560091336190306|08062026|08062026|68382,03|0|0,00|0|68382,03|9|0,00|0,00|0,00|0,00|0,00|0,00|0,00|0,00|0,00|0,00|0|0|
|C190|041|5906|0,00|68382,03|0,00|0,00|0|0|0|0,00||
|C100|1|0|P24063609000178|55|00|1|156017|35260603585024000490550010001560171848492311|08062026|08062026|5145,84|0|0,00|0|5145,84|9|0,00|0,00|0,00|0,00|0,00|0,00|0,00|0,00|0,00|0,00|0|0|
|C190|041|5906|0,00|5145,84|0,00|0,00|0|0|0|0,00||
|C100|1|0|P24063609000178|55|00|1|156044|35260603585024000490550010001560441427043984|08062026|08062026|4708,16|0|0,00|0|4708,16|9|0,00|0,00|0,00|0,00|0,00|0,00|0,00|0,00|0,00|0,00|0|0|
|C190|040|5117|0,00|4708,16|0,00|0,00|0|0|0|0,00||
|C100|1|0|P24063609000178|55|00|1|156045|35260603585024000490550010001560451534906517|08062026|08062026|2013,02|0|0,00|0|2013,02|9|0,00|0,00|0,00|0,00|0,00|0,00|0,00|0,00|0,00|0,00|0|0|
|C190|041|5906|0,00|2013,02|0,00|0,00|0|0|0|0,00||
|C100|1|0|P24063609000178|55|00|1|156048|35260603585024000490550010001560481269159773|08062026|08062026|16287,27|0|0,00|0|16287,27|9|0,00|0,00|0,00|0,00|0,00|0,00|0,00|0,00|0,00|0,00|0|0|
|C190|090|5922|0,00|16287,27|0,00|0,00|0|0|0|0,00||
|C100|1|0|P24063609000178|55|00|1|156049|35260603585024000490550010001560491502676051|08062026|08062026|1428,42|0|0,00|0|1428,42|9|0,00|0,00|0,00|0,00|0,00|0,00|0,00|0,00|0,00|0,00|0|0|
|C190|040|5117|0,00|1428,42|0,00|0,00|0|0|0|0,00||
|C100|1|0|P24063609000178|55|00|1|156092|35260603585024000490550010001560921795043326|08062026|08062026|5019,04|0|0,00|0|5019,04|9|0,00|0,00|0,00|0,00|0,00|0,00|0,00|0,00|0,00|0,00|0|0|
|C190|040|5910|0,00|5019,04|0,00|0,00|0|0|0|0,00||
|C100|1|0|P24063609000178|55|00|1|156098|35260603585024000490550010001560981839048674|08062026|08062026|8552,88|0|0,00|0|8552,88|9|0,00|0,00|0,00|0,00|0,00|0,00|0,00|0,00|0,00|0,00|0|0|
|C190|041|5906|0,00|8552,88|0,00|0,00|0|0|0|0,00||
|C100|1|0|P24063609000178|55|00|1|156104|35260603585024000490550010001561041161061897|08062026|08062026|1128,78|0|0,00|0|1128,78|9|0,00|0,00|0,00|0,00|0,00|0,00|0,00|0,00|0,00|0,00|0|0|
|C190|040|5117|0,00|1128,78|0,00|0,00|0|0|0|0,00||
|C100|1|0|P41926855000206|55|00|1|156107|35260603585024000490550010001561071667979544|08062026|08062026|2295,00|0|0,00|0|2295,00|9|0,00|0,00|0,00|318,86|57,39|0,00|0,00|0,00|0,00|0,00|0|0|
|C190|040|5102|0,00|860,00|0,00|0,00|0|0|0|0,00||
|C190|020|5102|18,00|1435,00|318,86|57,39|0|0|1116,14|0,00||
|C100|1|0|P24063609000178|55|00|1|156114|35260603585024000490550010001561141683068938|09062026|09062026|3701,10|0|0,00|0|3701,10|9|0,00|0,00|0,00|0,00|0,00|0,00|0,00|0,00|0,00|0,00|0|0|
|C190|041|5906|0,00|3701,10|0,00|0,00|0|0|0|0,00||
|C100|1|0|P08041313000108|55|00|1|156115|35260603585024000490550010001561151618246522|09062026|09062026|6882,80|0|0,00|0|6882,80|9|0,00|0,00|0,00|0,00|0,00|0,00|0,00|0,00|0,00|0,00|0|0|
|C190|041|5906|0,00|6882,80|0,00|0,00|0|0|0|0,00||
|C100|1|0|P41926855000125|55|00|1|156144|35260603585024000490550010001561441597941105|09062026|09062026|1720,00|0|0,00|0|1720,00|9|0,00|0,00|0,00|382,18|68,79|0,00|0,00|0,00|0,00|0,00|0|0|
|C190|020|5117|18,00|1720,00|382,18|68,79|0|0|1337,82|0,00||
|C100|1|0|P41926855000206|55|00|1|156145|35260603585024000490550010001561451869473740|09062026|09062026|28640,00|0|0,00|0|28640,00|9|0,00|0,00|0,00|0,00|0,00|0,00|0,00|0,00|0,00|0,00|0|0|
|C190|040|5117|0,00|28640,00|0,00|0,00|0|0|0|0,00||
|C100|1|0|P41926855000206|55|00|1|156146|35260603585024000490550010001561461686673976|09062026|09062026|3356,00|0|0,00|0|3356,00|9|0,00|0,00|0,00|0,00|0,00|0,00|0,00|0,00|0,00|0,00|0|0|
|C190|041|5906|0,00|3356,00|0,00|0,00|0|0|0|0,00||
|C100|1|0|P41926855000125|55|00|1|156147|35260603585024000490550010001561471922884561|09062026|09062026|1020,00|0|0,00|0|1020,00|9|0,00|0,00|0,00|0,00|0,00|0,00|0,00|0,00|0,00|0,00|0|0|
|C190|040|5117|0,00|1020,00|0,00|0,00|0|0|0|0,00||
|C100|1|0|P24063609000178|55|00|1|156166|35260603585024000490550010001561661967855230|09062026|09062026|31080,00|0|0,00|0|31080,00|9|0,00|0,00|0,00|0,00|0,00|0,00|0,00|0,00|0,00|0,00|0|0|
|C190|040|5117|0,00|31080,00|0,00|0,00|0|0|0|0,00||
|C100|1|0|P41926855000125|55|00|1|156189|35260603585024000490550010001561891530059143|09062026|09062026|1660,00|0|0,00|0|1660,00|9|0,00|0,00|0,00|0,00|0,00|0,00|0,00|0,00|0,00|0,00|0|0|
|C190|040|5102|0,00|1660,00|0,00|0,00|0|0|0|0,00||
|C100|1|0|P24063609000178|55|00|1|156215|35260603585024000490550010001562151745011473|10062026|10062026|3562,50|0|0,00|0|3562,50|9|0,00|0,00|0,00|0,00|0,00|0,00|0,00|0,00|0,00|0,00|0|0|
|C190|040|5117|0,00|3562,50|0,00|0,00|0|0|0|0,00||
|C100|1|0|P24063609000178|55|00|1|156216|35260603585024000490550010001562161336879431|10062026|10062026|13042,54|0|0,00|0|13042,54|9|0,00|0,00|0,00|0,00|0,00|0,00|0,00|0,00|0,00|0,00|0|0|
|C190|041|5906|0,00|13042,54|0,00|0,00|0|0|0|0,00||
|C100|1|0|P24063609000178|55|00|1|156259|35260603585024000490550010001562591527629852|10062026|10062026|1428,42|0|0,00|0|1428,42|9|0,00|0,00|0,00|0,00|0,00|0,00|0,00|0,00|0,00|0,00|0|0|
|C190|040|5117|0,00|1428,42|0,00|0,00|0|0|0|0,00||
|C100|1|0|P41926855000125|55|00|1|156272|35260603585024000490550010001562721327957572|10062026|10062026|165,00|0|0,00|0|165,00|9|0,00|0,00|0,00|36,66|6,60|0,00|0,00|0,00|0,00|0,00|0|0|
|C190|020|5102|18,00|165,00|36,66|6,60|0|0|128,34|0,00||
|C100|1|0|P41926855000125|55|00|1|156273|35260603585024000490550010001562731320997401|10062026|10062026|6704,00|0|0,00|0|6704,00|9|0,00|0,00|0,00|0,00|0,00|0,00|0,00|0,00|0,00|0,00|0|0|
|C190|040|5117|0,00|6704,00|0,00|0,00|0|0|0|0,00||
|C100|1|0|P41926855000125|55|00|1|156274|35260603585024000490550010001562741961345733|10062026|10062026|1159,76|0|0,00|0|1159,76|9|0,00|0,00|0,00|0,00|0,00|0,00|0,00|0,00|0,00|0,00|0|0|
|C190|041|5906|0,00|1159,76|0,00|0,00|0|0|0|0,00||
|C100|1|0|P41926855000206|55|00|1|156275|35260603585024000490550010001562751596741422|10062026|10062026|3810,64|0|0,00|0|3810,64|9|0,00|0,00|0,00|0,00|0,00|0,00|0,00|0,00|0,00|0,00|0|0|
|C190|041|5906|0,00|3810,64|0,00|0,00|0|0|0|0,00||
|C100|1|0|P41926855000125|55|00|1|156327|35260603585024000490550010001563271589274251|12062026|12062026|186170,00|0|0,00|0|186170,00|9|0,00|0,00|0,00|0,00|0,00|0,00|0,00|0,00|0,00|0,00|0|0|
|C190|090|5922|0,00|186170,00|0,00|0,00|0|0|0|0,00||
|C100|1|0|P41926855000206|55|00|1|156353|35260603585024000490550010001563531408422202|12062026|12062026|3600,00|0|0,00|0|3600,00|9|0,00|0,00|0,00|0,00|0,00|0,00|0,00|0,00|0,00|0,00|0|0|
|C190|040|5102|0,00|3600,00|0,00|0,00|0|0|0|0,00||
|C100|1|0|P41926855000125|55|00|1|156355|35260603585024000490550010001563551471368869|13062026|13062026|9856,00|0|0,00|0|9856,00|9|0,00|0,00|0,00|0,00|0,00|0,00|0,00|0,00|0,00|0,00|0|0|
|C190|040|5117|0,00|9856,00|0,00|0,00|0|0|0|0,00||
|C100|1|0|P41926855000206|55|00|1|156356|35260603585024000490550010001563561469167247|13062026|13062026|2856,00|0|0,00|0|2856,00|9|0,00|0,00|0,00|0,00|0,00|0,00|0,00|0,00|0,00|0,00|0|0|
|C190|041|5906|0,00|2856,00|0,00|0,00|0|0|0|0,00||
|C100|1|0|P41926855000125|55|00|1|156367|35260603585024000490550010001563671488044710|13062026|13062026|1071,00|0|0,00|0|1071,00|9|0,00|0,00|0,00|0,00|0,00|0,00|0,00|0,00|0,00|0,00|0|0|
|C190|041|5906|0,00|1071,00|0,00|0,00|0|0|0|0,00||
|C100|1|0|P41926855000206|55|00|1|156368|35260603585024000490550010001563681224565810|13062026|13062026|2499,00|0|0,00|0|2499,00|9|0,00|0,00|0,00|0,00|0,00|0,00|0,00|0,00|0,00|0,00|0|0|
|C190|041|5906|0,00|2499,00|0,00|0,00|0|0|0|0,00||
|C100|1|0|P41926855000125|55|00|1|156390|35260603585024000490550010001563901520989581|15062026|15062026|142640,00|0|0,00|0|142640,00|9|0,00|0,00|0,00|31694,61|5705,03|0,00|0,00|0,00|0,00|0,00|0|0|
|C190|020|5117|18,00|142640,00|31694,61|5705,03|0|0|110945,39|0,00||
|C100|1|0|P41926855000125|55|00|1|156397|35260603585024000490550010001563971418474129|15062026|15062026|8703,02|0|0,00|0|8703,02|9|0,00|0,00|0,00|0,00|0,00|0,00|0,00|0,00|0,00|0,00|0|0|
|C190|041|5906|0,00|8703,02|0,00|0,00|0|0|0|0,00||
|C100|1|0|P24063609000178|55|00|1|156398|35260603585024000490550010001563981416333673|15062026|15062026|2996,20|0|0,00|0|2996,20|9|0,00|0,00|0,00|0,00|0,00|0,00|0,00|0,00|0,00|0,00|0|0|
|C190|040|5117|0,00|2996,20|0,00|0,00|0|0|0|0,00||
|C100|1|0|P24063609000178|55|00|1|156399|35260603585024000490550010001563991396913693|15062026|15062026|6430,00|0|0,00|0|6430,00|9|0,00|0,00|0,00|0,00|0,00|0,00|0,00|0,00|0,00|0,00|0|0|
|C190|041|5906|0,00|6430,00|0,00|0,00|0|0|0|0,00||
|C100|1|0|P08041313000108|55|00|1|156421|35260603585024000490550010001564211530181470|15062026|15062026|13581,69|0|0,00|0|13581,69|9|0,00|0,00|0,00|0,00|0,00|0,00|0,00|0,00|0,00|0,00|0|0|
|C190|041|5906|0,00|13581,69|0,00|0,00|0|0|0|0,00||
|C100|1|0|P41926855000206|55|00|1|156437|35260603585024000490550010001564371578148987|15062026|15062026|12316,37|0|0,00|0|12316,37|9|0,00|0,00|0,00|0,00|0,00|0,00|0,00|0,00|0,00|0,00|0|0|
|C190|041|5906|0,00|12316,37|0,00|0,00|0|0|0|0,00||
|C100|1|0|P41926855000206|55|00|1|156438|35260603585024000490550010001564381989400490|15062026|15062026|14400,00|0|0,00|0|14400,00|9|0,00|0,00|0,00|0,00|0,00|0,00|0,00|0,00|0,00|0,00|0|0|
|C190|090|5922|0,00|14400,00|0,00|0,00|0|0|0|0,00||
|C100|1|0|P41926855000125|55|00|1|156457|35260603585024000490550010001564571900509523|15062026|15062026|4937,33|0|0,00|0|4937,33|9|0,00|0,00|0,00|0,00|0,00|0,00|0,00|0,00|0,00|0,00|0|0|
|C190|040|5117|0,00|4937,33|0,00|0,00|0|0|0|0,00||
|C100|1|0|P41926855000125|55|00|1|156475|35260603585024000490550010001564751188020391|15062026|15062026|19810,00|0|0,00|0|19810,00|9|0,00|0,00|0,00|4401,78|792,32|0,00|0,00|0,00|0,00|0,00|0|0|
|C190|020|5117|18,00|19810,00|4401,78|792,32|0|0|15408,22|0,00||
|C100|1|0|P41926855000206|55|00|1|156477|35260603585024000490550010001564771347415845|15062026|15062026|14400,00|0|0,00|0|14400,00|9|0,00|0,00|0,00|0,00|0,00|0,00|0,00|0,00|0,00|0,00|0|0|
|C190|090|5922|0,00|14400,00|0,00|0,00|0|0|0|0,00||
|C100|1|0|P24063609000178|55|00|1|156485|35260603585024000490550010001564851360106003|16062026|16062026|2802,00|0|0,00|0|2802,00|9|0,00|0,00|0,00|0,00|0,00|0,00|0,00|0,00|0,00|0,00|0|0|
|C190|040|5117|0,00|2802,00|0,00|0,00|0|0|0|0,00||
|C100|1|0|P24063609000178|55|00|1|156486|35260603585024000490550010001564861365752610|16062026|16062026|53378,90|0|0,00|0|53378,90|9|0,00|0,00|0,00|0,00|0,00|0,00|0,00|0,00|0,00|0,00|0|0|
|C190|041|5906|0,00|53378,90|0,00|0,00|0|0|0|0,00||
|C100|1|0|P41926855000206|55|00|1|156505|35260603585024000490550010001565051185291417|16062026|16062026|240,00|0|0,00|0|240,00|9|0,00|0,00|0,00|53,33|9,60|0,00|0,00|0,00|0,00|0,00|0|0|
|C190|020|5117|18,00|240,00|53,33|9,60|0|0|186,67|0,00||
|C100|1|0|P41926855000125|55|00|1|156506|35260603585024000490550010001565061753112205|16062026|16062026|340,00|0|0,00|0|340,00|9|0,00|0,00|0,00|0,00|0,00|0,00|0,00|0,00|0,00|0,00|0|0|
|C190|041|5906|0,00|340,00|0,00|0,00|0|0|0|0,00||
|C100|1|0|P41926855000206|55|00|1|156507|35260603585024000490550010001565071520159699|16062026|16062026|4437,00|0|0,00|0|4437,00|9|0,00|0,00|0,00|0,00|0,00|0,00|0,00|0,00|0,00|0,00|0|0|
|C190|041|5906|0,00|4437,00|0,00|0,00|0|0|0|0,00||
|C100|1|0|P41926855000206|55|00|1|156508|35260603585024000490550010001565081710141518|16062026|16062026|880,00|0|0,00|0|880,00|9|0,00|0,00|0,00|0,00|0,00|0,00|0,00|0,00|0,00|0,00|0|0|
|C190|040|5102|0,00|880,00|0,00|0,00|0|0|0|0,00||
|C100|1|0|P41926855000125|55|00|1|156519|35260603585024000490550010001565191908406442|16062026|16062026|2816,00|0|0,00|0|2816,00|9|0,00|0,00|0,00|0,00|0,00|0,00|0,00|0,00|0,00|0,00|0|0|
|C190|040|5117|0,00|2816,00|0,00|0,00|0|0|0|0,00||
|C100|1|0|P41926855000125|55|00|1|156520|35260603585024000490550010001565201937795762|16062026|16062026|9435,00|0|0,00|0|9435,00|9|0,00|0,00|0,00|0,00|0,00|0,00|0,00|0,00|0,00|0,00|0|0|
|C190|041|5906|0,00|9435,00|0,00|0,00|0|0|0|0,00||
|C100|1|0|P41926855000206|55|00|1|156521|35260603585024000490550010001565211720905237|16062026|16062026|2768,80|0|0,00|0|2768,80|9|0,00|0,00|0,00|0,00|0,00|0,00|0,00|0,00|0,00|0,00|0|0|
|C190|041|5906|0,00|2768,80|0,00|0,00|0|0|0|0,00||
|C100|1|0|P41926855000125|55|00|1|156522|35260603585024000490550010001565221850239420|16062026|16062026|3250,00|0|0,00|0|3250,00|9|0,00|0,00|0,00|0,00|0,00|0,00|0,00|0,00|0,00|0,00|0|0|
|C190|040|5102|0,00|3250,00|0,00|0,00|0|0|0|0,00||
|C100|1|0|P41926855000125|55|00|1|156539|35260603585024000490550010001565391912583747|16062026|16062026|3800,00|0|0,00|0|3800,00|9|0,00|0,00|0,00|0,00|0,00|0,00|0,00|0,00|0,00|0,00|0|0|
|C190|040|5117|0,00|3800,00|0,00|0,00|0|0|0|0,00||
|C100|1|0|P41926855000125|55|00|1|156540|35260603585024000490550010001565401900634156|16062026|16062026|13956,00|0|0,00|0|13956,00|9|0,00|0,00|0,00|0,00|0,00|0,00|0,00|0,00|0,00|0,00|0|0|
|C190|041|5906|0,00|13956,00|0,00|0,00|0|0|0|0,00||
|C100|1|0|P41926855000206|55|00|1|156563|35260603585024000490550010001565631977706032|16062026|16062026|27340,00|0|0,00|0|27340,00|9|0,00|0,00|0,00|586,61|105,59|0,00|0,00|0,00|0,00|0,00|0|0|
|C190|040|5117|0,00|24700,00|0,00|0,00|0|0|0|0,00||
|C190|020|5117|18,00|2640,00|586,61|105,59|0|0|2053,39|0,00||
|C100|1|0|P41926855000125|55|00|1|156564|35260603585024000490550010001565641135505996|16062026|16062026|52127,50|0|0,00|0|52127,50|9|0,00|0,00|0,00|0,00|0,00|0,00|0,00|0,00|0,00|0,00|0|0|
|C190|041|5906|0,00|52127,50|0,00|0,00|0|0|0|0,00||
|C100|1|0|P41926855000206|55|00|1|156565|35260603585024000490550010001565651484278399|16062026|16062026|38255,50|0|0,00|0|38255,50|9|0,00|0,00|0,00|0,00|0,00|0,00|0,00|0,00|0,00|0,00|0|0|
|C190|041|5906|0,00|38255,50|0,00|0,00|0|0|0|0,00||
|C100|1|0|P41926855000125|55|00|1|156566|35260603585024000490550010001565661128169050|16062026|16062026|5582,50|0|0,00|0|5582,50|9|0,00|0,00|0,00|0,00|0,00|0,00|0,00|0,00|0,00|0,00|0|0|
|C190|041|5906|0,00|5582,50|0,00|0,00|0|0|0|0,00||
|C100|1|0|P41926855000125|55|00|1|156578|35260603585024000490550010001565781423338527|17062026|17062026|6701,50|0|0,00|0|6701,50|9|0,00|0,00|0,00|0,00|0,00|0,00|0,00|0,00|0,00|0,00|0|0|
|C190|041|5906|0,00|6701,50|0,00|0,00|0|0|0|0,00||
|C100|1|0|P41926855000206|55|00|1|156607|35260603585024000490550010001566071345930420|17062026|17062026|22321,00|0|0,00|0|22321,00|9|0,00|0,00|0,00|479,95|86,39|0,00|0,00|0,00|0,00|0,00|0|0|
|C190|020|5102|18,00|2160,00|479,95|86,39|0|0|1680,05|0,00||
|C190|040|5102|0,00|20161,00|0,00|0,00|0|0|0|0,00||
|C100|1|0|P24063609000178|55|00|1|156614|35260603585024000490550010001566141391239837|17062026|17062026|4750,00|0|0,00|0|4750,00|9|0,00|0,00|0,00|0,00|0,00|0,00|0,00|0,00|0,00|0,00|0|0|
|C190|040|5117|0,00|4750,00|0,00|0,00|0|0|0|0,00||
|C100|1|0|P24063609000178|55|00|1|156615|35260603585024000490550010001566151717621264|17062026|17062026|43061,88|0|0,00|0|43061,88|9|0,00|0,00|0,00|0,00|0,00|0,00|0,00|0,00|0,00|0,00|0|0|
|C190|041|5906|0,00|43061,88|0,00|0,00|0|0|0|0,00||
|C100|1|0|P24063609000178|55|00|1|156646|35260603585024000490550010001566461788445112|17062026|17062026|2550,00|0|0,00|0|2550,00|9|0,00|0,00|0,00|566,61|101,99|0,00|0,00|0,00|0,00|0,00|0|0|
|C190|020|5102|18,00|2550,00|566,61|101,99|0|0|1983,39|0,00||
|C100|1|0|P41926855000125|55|00|1|156650|35260603585024000490550010001566501315518069|17062026|17062026|4150,00|0|0,00|0|4150,00|9|0,00|0,00|0,00|0,00|0,00|0,00|0,00|0,00|0,00|0,00|0|0|
|C190|040|5102|0,00|4150,00|0,00|0,00|0|0|0|0,00||
|C100|1|0|P41926855000125|55|00|1|156736|35260603585024000490550010001567361131504479|19062026|19062026|520,00|0|0,00|0|520,00|9|0,00|0,00|0,00|0,00|0,00|0,00|0,00|0,00|0,00|0,00|0|0|
|C190|040|5117|0,00|520,00|0,00|0,00|0|0|0|0,00||
|C100|1|0|P41926855000125|55|00|1|156737|35260603585024000490550010001567371470632620|19062026|19062026|5395,70|0|0,00|0|5395,70|9|0,00|0,00|0,00|0,00|0,00|0,00|0,00|0,00|0,00|0,00|0|0|
|C190|041|5906|0,00|5395,70|0,00|0,00|0|0|0|0,00||
|C100|1|0|P41926855000125|55|00|1|156782|35260603585024000490550010001567821467049133|19062026|19062026|1440,00|0|0,00|0|1440,00|9|0,00|0,00|0,00|0,00|0,00|0,00|0,00|0,00|0,00|0,00|0|0|
|C190|041|5906|0,00|1440,00|0,00|0,00|0|0|0|0,00||
|C100|1|0|P41926855000206|55|00|1|156783|35260603585024000490550010001567831175865680|19062026|19062026|17280,00|0|0,00|0|17280,00|9|0,00|0,00|0,00|0,00|0,00|0,00|0,00|0,00|0,00|0,00|0|0|
|C190|041|5906|0,00|17280,00|0,00|0,00|0|0|0|0,00||
|C100|1|0|P41926855000206|55|00|1|156784|35260603585024000490550010001567841619483447|19062026|19062026|4560,00|0|0,00|0|4560,00|9|0,00|0,00|0,00|0,00|0,00|0,00|0,00|0,00|0,00|0,00|0|0|
|C190|040|5102|0,00|4560,00|0,00|0,00|0|0|0|0,00||
|C100|1|0|P24063609000178|55|00|1|156841|35260603585024000490550010001568411747897021|22062026|22062026|33473,04|0|0,00|0|33473,04|9|0,00|0,00|0,00|0,00|0,00|0,00|0,00|0,00|0,00|0,00|0|0|
|C190|041|5906|0,00|33473,04|0,00|0,00|0|0|0|0,00||
|C100|1|0|P41926855000125|55|00|1|156870|35260603585024000490550010001568701121564425|22062026|22062026|7415,50|0|0,00|0|7415,50|9|0,00|0,00|0,00|0,00|0,00|0,00|0,00|0,00|0,00|0,00|0|0|
|C190|041|5906|0,00|7415,50|0,00|0,00|0|0|0|0,00||
|C100|1|0|P41926855000125|55|00|1|156871|35260603585024000490550010001568711938472474|22062026|22062026|10571,00|0|0,00|0|10571,00|9|0,00|0,00|0,00|53,33|9,60|0,00|0,00|0,00|0,00|0,00|0|0|
|C190|040|5102|0,00|10331,00|0,00|0,00|0|0|0|0,00||
|C190|020|5102|18,00|240,00|53,33|9,60|0|0|186,67|0,00||
|C100|1|0|P41926855000125|55|00|1|156893|35260603585024000490550010001568931309988251|22062026|22062026|3280,00|0|0,00|0|3280,00|9|0,00|0,00|0,00|0,00|0,00|0,00|0,00|0,00|0,00|0,00|0|0|
|C190|040|5117|0,00|3280,00|0,00|0,00|0|0|0|0,00||
|C100|1|0|P41926855000206|55|00|1|156894|35260603585024000490550010001568941916012734|22062026|22062026|14880,00|0|0,00|0|14880,00|9|0,00|0,00|0,00|0,00|0,00|0,00|0,00|0,00|0,00|0,00|0|0|
|C190|040|5117|0,00|14880,00|0,00|0,00|0|0|0|0,00||
|C100|1|0|P41926855000206|55|00|1|156895|35260603585024000490550010001568951918700848|22062026|22062026|448,00|0|0,00|0|448,00|9|0,00|0,00|0,00|0,00|0,00|0,00|0,00|0,00|0,00|0,00|0|0|
|C190|041|5906|0,00|448,00|0,00|0,00|0|0|0|0,00||
|C100|1|0|P41926855000206|55|00|1|156896|35260603585024000490550010001568961548038639|22062026|22062026|5200,00|0|0,00|0|5200,00|9|0,00|0,00|0,00|0,00|0,00|0,00|0,00|0,00|0,00|0,00|0|0|
|C190|040|5102|0,00|5200,00|0,00|0,00|0|0|0|0,00||
|C100|1|0|P41926855000125|55|00|1|156901|35260603585024000490550010001569011833284865|22062026|22062026|15148,00|0|0,00|0|15148,00|9|0,00|0,00|0,00|0,00|0,00|0,00|0,00|0,00|0,00|0,00|0|0|
|C190|040|5117|0,00|15148,00|0,00|0,00|0|0|0|0,00||
|C100|1|0|P41926855000125|55|00|1|156902|35260603585024000490550010001569021637838400|22062026|22062026|11691,00|0|0,00|0|11691,00|9|0,00|0,00|0,00|0,00|0,00|0,00|0,00|0,00|0,00|0,00|0|0|
|C190|041|5906|0,00|11691,00|0,00|0,00|0|0|0|0,00||
|C100|1|0|P41926855000125|55|00|1|156903|35260603585024000490550010001569031859110214|22062026|22062026|34835,00|0|0,00|0|34835,00|9|0,00|0,00|0,00|213,31|38,40|0,00|0,00|0,00|0,00|0,00|0|0|
|C190|040|5102|0,00|33875,00|0,00|0,00|0|0|0|0,00||
|C190|020|5102|18,00|960,00|213,31|38,40|0|0|746,69|0,00||
|C100|1|0|P24063609000178|55|00|1|156919|35260603585024000490550010001569191490214401|22062026|22062026|1881,30|0|0,00|0|1881,30|9|0,00|0,00|0,00|0,00|0,00|0,00|0,00|0,00|0,00|0,00|0|0|
|C190|040|5117|0,00|1881,30|0,00|0,00|0|0|0|0,00||
|C100|1|0|P24063609000178|55|00|1|156920|35260603585024000490550010001569201845741102|22062026|22062026|6969,50|0|0,00|0|6969,50|9|0,00|0,00|0,00|0,00|0,00|0,00|0,00|0,00|0,00|0,00|0|0|
|C190|041|5906|0,00|6969,50|0,00|0,00|0|0|0|0,00||
|C100|1|0|P24063609000178|55|00|1|156950|35260603585024000490550010001569501162878893|23062026|23062026|7402,20|0|0,00|0|7402,20|9|0,00|0,00|0,00|0,00|0,00|0,00|0,00|0,00|0,00|0,00|0|0|
|C190|041|5906|0,00|7402,20|0,00|0,00|0|0|0|0,00||
|C100|1|0|P08041313000108|55|00|1|156951|35260603585024000490550010001569511207755407|23062026|23062026|6028,76|0|0,00|0|6028,76|9|0,00|0,00|0,00|0,00|0,00|0,00|0,00|0,00|0,00|0,00|0|0|
|C190|041|5906|0,00|6028,76|0,00|0,00|0|0|0|0,00||
|C100|1|0|P24063609000178|55|00|1|156952|35260603585024000490550010001569521868203674|23062026|23062026|2142,63|0|0,00|0|2142,63|9|0,00|0,00|0,00|0,00|0,00|0,00|0,00|0,00|0,00|0,00|0|0|
|C190|040|5117|0,00|2142,63|0,00|0,00|0|0|0|0,00||
|C100|1|0|P24063609000178|55|00|1|156953|35260603585024000490550010001569531633175600|23062026|23062026|4148,64|0|0,00|0|4148,64|9|0,00|0,00|0,00|0,00|0,00|0,00|0,00|0,00|0,00|0,00|0|0|
|C190|041|5906|0,00|4148,64|0,00|0,00|0|0|0|0,00||
|C100|1|0|P41926855000206|55|00|1|157015|35260603585024000490550010001570151387299463|24062026|24062026|7600,00|0|0,00|0|7600,00|9|0,00|0,00|0,00|0,00|0,00|0,00|0,00|0,00|0,00|0,00|0|0|
|C190|040|5117|0,00|7600,00|0,00|0,00|0|0|0|0,00||
|C100|1|0|P41926855000125|55|00|1|157017|35260603585024000490550010001570171835210619|24062026|24062026|1135,00|0|0,00|0|1135,00|9|0,00|0,00|0,00|0,00|0,00|0,00|0,00|0,00|0,00|0,00|0|0|
|C190|041|5906|0,00|1135,00|0,00|0,00|0|0|0|0,00||
|C100|1|0|P41926855000206|55|00|1|157018|35260603585024000490550010001570181318239963|24062026|24062026|5675,00|0|0,00|0|5675,00|9|0,00|0,00|0,00|0,00|0,00|0,00|0,00|0,00|0,00|0,00|0|0|
|C190|041|5906|0,00|5675,00|0,00|0,00|0|0|0|0,00||
|C100|1|0|P41926855000125|55|00|1|157019|35260603585024000490550010001570191586618533|24062026|24062026|49800,00|0|0,00|0|49800,00|9|0,00|0,00|0,00|0,00|0,00|0,00|0,00|0,00|0,00|0,00|0|0|
|C190|040|5102|0,00|49800,00|0,00|0,00|0|0|0|0,00||
|C100|1|0|P41926855000125|55|00|1|157102|35260603585024000490550010001571021729375327|26062026|26062026|1912,00|0|0,00|0|1912,00|9|0,00|0,00|0,00|0,00|0,00|0,00|0,00|0,00|0,00|0,00|0|0|
|C190|040|5117|0,00|1912,00|0,00|0,00|0|0|0|0,00||
|C100|1|0|P41926855000125|55|00|1|157103|35260603585024000490550010001571031328254402|26062026|26062026|7800,00|0|0,00|0|7800,00|9|0,00|0,00|0,00|0,00|0,00|0,00|0,00|0,00|0,00|0,00|0|0|
|C190|041|5906|0,00|7800,00|0,00|0,00|0|0|0|0,00||
|C100|1|0|P41926855000206|55|00|1|157104|35260603585024000490550010001571041448307810|26062026|26062026|30883,90|0|0,00|0|30883,90|9|0,00|0,00|0,00|0,00|0,00|0,00|0,00|0,00|0,00|0,00|0|0|
|C190|041|5906|0,00|30883,90|0,00|0,00|0|0|0|0,00||
|C100|1|0|P41926855000125|55|00|1|157105|35260603585024000490550010001571051526947115|26062026|26062026|12390,00|0|0,00|0|12390,00|9|0,00|0,00|0,00|0,00|0,00|0,00|0,00|0,00|0,00|0,00|0|0|
|C190|040|5102|0,00|12390,00|0,00|0,00|0|0|0|0,00||
|C100|1|0|P24063609000178|55|00|1|157109|35260603585024000490550010001571091218791890|26062026|26062026|4683,30|0|0,00|0|4683,30|9|0,00|0,00|0,00|0,00|0,00|0,00|0,00|0,00|0,00|0,00|0|0|
|C190|040|5117|0,00|4683,30|0,00|0,00|0|0|0|0,00||
|C100|1|0|P24063609000178|55|00|1|157110|35260603585024000490550010001571101511080706|26062026|26062026|25300,57|0|0,00|0|25300,57|9|0,00|0,00|0,00|0,00|0,00|0,00|0,00|0,00|0,00|0,00|0|0|
|C190|041|5906|0,00|25300,57|0,00|0,00|0|0|0|0,00||
|C100|1|0|P24063609000178|55|00|1|157141|35260603585024000490550010001571411291731300|26062026|26062026|6664,40|0|0,00|0|6664,40|9|0,00|0,00|0,00|0,00|0,00|0,00|0,00|0,00|0,00|0,00|0|0|
|C190|041|5906|0,00|6664,40|0,00|0,00|0|0|0|0,00||
|C100|1|0|P41926855000125|55|00|1|157143|35260603585024000490550010001571431264646297|26062026|26062026|9840,00|0|0,00|0|9840,00|9|0,00|0,00|0,00|0,00|0,00|0,00|0,00|0,00|0,00|0,00|0|0|
|C190|040|5117|0,00|9840,00|0,00|0,00|0|0|0|0,00||
|C100|1|0|P41926855000206|55|00|1|157144|35260603585024000490550010001571441588405748|26062026|26062026|10940,00|0|0,00|0|10940,00|9|0,00|0,00|0,00|0,00|0,00|0,00|0,00|0,00|0,00|0,00|0|0|
|C190|040|5117|0,00|10940,00|0,00|0,00|0|0|0|0,00||
|C100|1|0|P41926855000206|55|00|1|157145|35260603585024000490550010001571451848378238|26062026|26062026|23625,07|0|0,00|0|23625,07|9|0,00|0,00|0,00|0,00|0,00|0,00|0,00|0,00|0,00|0,00|0|0|
|C190|041|5906|0,00|23625,07|0,00|0,00|0|0|0|0,00||
|C100|1|0|P41926855000206|55|00|1|157146|35260603585024000490550010001571461706519424|26062026|26062026|10615,00|0|0,00|0|10615,00|9|0,00|0,00|0,00|225,53|40,60|0,00|0,00|0,00|9,50|43,78|0|0|
|C190|040|5102|0,00|9600,00|0,00|0,00|0|0|0|0,00||
|C190|020|5102|18,00|1015,00|225,53|40,60|0|0|789,47|0,00||
|C100|1|0|P24063609000178|55|00|1|157176|35260603585024000490550010001571761462919720|26062026|26062026|17450,00|0|0,00|0|17450,00|9|0,00|0,00|0,00|0,00|0,00|0,00|0,00|0,00|0,00|0,00|0|0|
|C190|040|5117|0,00|17450,00|0,00|0,00|0|0|0|0,00||
|C100|1|0|P41926855000206|55|00|1|157179|35260603585024000490550010001571791434797218|26062026|26062026|3465,00|0|0,00|0|3465,00|9|0,00|0,00|0,00|0,00|0,00|0,00|0,00|0,00|0,00|0,00|0|0|
|C190|040|5102|0,00|3465,00|0,00|0,00|0|0|0|0,00||
|C100|1|0|P41926855000125|55|00|1|157230|35260603585024000490550010001572301204214231|27062026|27062026|6897,00|0|0,00|0|6897,00|9|0,00|0,00|0,00|0,00|0,00|0,00|0,00|0,00|0,00|0,00|0|0|
|C190|040|5102|0,00|6897,00|0,00|0,00|0|0|0|0,00||
|C100|1|0|P41926855000206|55|00|1|157351|35260603585024000490550010001573511555123358|29062026|29062026|5300,00|0|0,00|0|5300,00|9|0,00|0,00|0,00|0,00|0,00|0,00|0,00|0,00|0,00|0,00|0|0|
|C190|040|5117|0,00|5300,00|0,00|0,00|0|0|0|0,00||
|C100|1|0|P41926855000206|55|00|1|157352|35260603585024000490550010001573521769592836|29062026|29062026|25559,80|0|0,00|0|25559,80|9|0,00|0,00|0,00|0,00|0,00|0,00|0,00|0,00|0,00|0,00|0|0|
|C190|041|5906|0,00|25559,80|0,00|0,00|0|0|0|0,00||
|C100|1|0|P41926855000125|55|00|1|157353|35260603585024000490550010001573531109545579|29062026|29062026|30835,00|0|0,00|0|30835,00|9|0,00|0,00|0,00|0,00|0,00|0,00|0,00|0,00|0,00|0,00|0|0|
|C190|040|5117|0,00|30835,00|0,00|0,00|0|0|0|0,00||
|C100|1|0|P41926855000125|55|00|1|157354|35260603585024000490550010001573541343840732|29062026|29062026|12715,00|0|0,00|0|12715,00|9|0,00|0,00|0,00|0,00|0,00|0,00|0,00|0,00|0,00|0,00|0|0|
|C190|041|5906|0,00|12715,00|0,00|0,00|0|0|0|0,00||
|C100|1|0|P41926855000206|55|00|1|157355|35260603585024000490550010001573551164522644|29062026|29062026|26677,20|0|0,00|0|26677,20|9|0,00|0,00|0,00|0,00|0,00|0,00|0,00|0,00|0,00|0,00|0|0|
|C190|041|5906|0,00|26677,20|0,00|0,00|0|0|0|0,00||
|C100|1|0|P08041313000108|55|00|1|157366|35260603585024000490550010001573661657951376|30062026|30062026|20174,49|0|0,00|0|20174,49|9|0,00|0,00|0,00|0,00|0,00|0,00|0,00|0,00|0,00|0,00|0|0|
|C190|041|5906|0,00|20174,49|0,00|0,00|0|0|0|0,00||
|C990|282|
|D001|1|
|D990|2|
|E001|0|
|E100|01062026|30062026|
|E110|15075,50|0,00|0,00|0,00|0,00|0,00|0,00|0,00|0,00|15075,50|0,00|15075,50|0,00|0,00|
|E116|000|15075,50|30062026|046-2|||||062026|
|E990|5|
|G001|1|
|G990|2|
|H001|1|
|H990|2|
|K001|1|
|K990|2|
|1001|0|
|1010|N|N|N|N|N|N|N|N|N|N|N|N|N|
|1990|3|
|9001|0|
|9900|0000|1|
|9900|0001|1|
|9900|0005|1|
|9900|0100|1|
|9900|0150|4|
|9900|0990|1|
|9900|1001|1|
|9900|1010|1|
|9900|1990|1|
|9900|B001|1|
|9900|B990|1|
|9900|C001|1|
|9900|C100|137|
|9900|C190|143|
|9900|C990|1|
|9900|D001|1|
|9900|D990|1|
|9900|E001|1|
|9900|E100|1|
|9900|E110|1|
|9900|E116|1|
|9900|E990|1|
|9900|G001|1|
|9900|G990|1|
|9900|H001|1|
|9900|H990|1|
|9900|K001|1|
|9900|K990|1|
|9900|9001|1|
|9900|9900|32|
|9900|9990|1|
|9900|9999|1|
|9990|35|
|9999|344|
